@ARTICLE{numpyPython, 
author={van der Walt, S. and Colbert, S.C. and Varoquaux, G.}, 
journal={Computing in Science Engineering}, 
title={The NumPy Array: A Structure for Efficient Numerical Computation}, 
year={2011}, 
volume={13}, 
number={2}, 
pages={22-30}, 
keywords={data structures;high level languages;mathematics computing;numerical analysis;Python programming language;high level language;numerical computation;numerical data;numpy array;Arrays;Computational efficiency;Finite element methods;Numerical analysis;Performance evaluation;Resource management;Vector quantization;NumPy;Python;numerical computations;programming libraries;scientific programming}, 
doi={10.1109/MCSE.2011.37}, 
ISSN={1521-9615}, 
month={March},}

@article{benjamin2014neurogrid,
  title="{Neurogrid: a mixed-analog-digital multichip system for large-scale neural simulations}",
  author={Benjamin, Ben Varkey and Gao, Peiran and McQuinn, Emmett and Choudhary, Shobhit and Chandrasekaran, Anand R and Bussat, Jean-Marie and Alvarez-Icaza, Rodrigo and Arthur, John V and Merolla, Paul and Boahen, Kwabena and others},
  journal={Proceedings of the IEEE},
  volume={102},
  number={5},
  pages={699--716},
  year={2014},
  publisher={IEEE}
}

@article{beyeler2013categorization,
  title="{Categorization and decision-making in a neurobiologically plausible spiking network using a STDP-like learning rule}",
  author={Beyeler, Michael and Dutt, Nikil D and Krichmar, Jeffrey L},
  journal={Neural Networks},
  volume={48},
  pages={109--124},
  year={2013},
  publisher={Elsevier}
}

@article{bichler2012extraction,
	title={Extraction of temporally correlated features from dynamic vision sensors with spike-timing-dependent plasticity},
	author={Bichler, Olivier and Querlioz, Damien and Thorpe, Simon J and Bourgoin, Jean-Philippe and Gamrat, Christian},
	journal={Neural Networks},
	volume={32},
	pages={339--348},
	year={2012},
	publisher={Elsevier}
}

@article{bill2014compound,
	title="{A compound memristive synapse model for statistical learning through STDP in spiking neural networks}",
	author={Bill, Johannes and Legenstein, Robert},
	journal={Frontiers in neuroscience},
	volume={8},
	year={2014},
	publisher={Frontiers {Media} {SA}}
}

@inproceedings{blank2005actions,
	title={Actions as space-time shapes},
	author={Blank, Moshe and Gorelick, Lena and Shechtman, Eli and Irani, Michal and Basri, Ronen},
	booktitle={Computer Vision, 2005. ICCV 2005. Tenth IEEE International Conference on},
	volume={2},
	pages={1395--1402},
	year={2005},
	@organization={IEEE}
}

@article{brader2007learning,
  title={Learning real-world stimuli in a neural network with spike-driven synaptic dynamics},
  author={Brader, Joseph M and Senn, Walter and Fusi, Stefano},
  journal={Neural computation},
  volume={19},
  number={11},
  pages={2881--2912},
  year={2007},
  publisher={MIT Press}
}

@article{camunas2012event,
	title={An event-driven multi-kernel convolution processor module for event-driven vision sensors},
	author={Camunas-Mesa, Luis and Zamarre{\~n}o-Ramos, Carlos and Linares-Barranco, Alejandro and Acosta-Jim{\'e}nez, Antonio J and Serrano-Gotarredona, Teresa and Linares-Barranco, Bernab{\'e}},
	journal={Solid-State Circuits, IEEE Journal of},
	volume={47},
	number={2},
	pages={504--517},
	year={2012},
	publisher={IEEE}
}

@article{cao2015spiking,
	title={Spiking Deep Convolutional Neural Networks for Energy-Efficient Object Recognition},
	author={Cao, Yongqiang and Chen, Yang and Khosla, Deepak},
	journal={International Journal of Computer Vision},
	volume={113},
	number={1},
	pages={54--66},
	year={2015},
	publisher={Springer}
}

@article{davison2008pynn,
  title="{PyNN: a common interface for neuronal network simulators}",
  author={Davison, Andrew P and Br{\"u}derle, Daniel and Eppler, Jochen and Kremkow, Jens and Muller, Eilif and Pecevski, Dejan and Perrinet, Laurent and Yger, Pierre},
  journal={Frontiers in neuroinformatics},
  volume={2},
  year={2008},
  publisher={Frontiers Research Foundation}
}

@inproceedings{delbruck2008frame,
  title={Frame-free dynamic digital vision},
  author={Delbruck, Tobi},
  booktitle={Proceedings of Intl. Symp. on Secure-Life Electronics, Advanced Electronics for Quality Life and Society},
  pages={21--26},
  year={2008}
}

@article{delorme2001face,
  title="{Face identification using one spike per neuron: resistance to image degradations}",
  author={Delorme, Arnaud and Thorpe, Simon J},
  journal={Neural Networks},
  volume={14},
  number={6},
  pages={795--803},
  year={2001},
  publisher={Elsevier}
}

@inproceedings{deng2009imagenet,
  title="{Imagenet: a large-scale hierarchical image database}",
  author={Deng, Jia and Dong, Wei and Socher, Richard and Li, Li-Jia and Li, Kai and Fei-Fei, Li},
  booktitle={Computer Vision and Pattern Recognition, 2009. CVPR 2009. IEEE Conference on},
  pages={248--255},
  year={2009},
  @organization={IEEE}
}

@article{dicarlo2012does,
	title={How does the brain solve visual object recognition?},
	author={DiCarlo, James J and Zoccolan, Davide and Rust, Nicole C},
	journal={Neuron},
	volume={73},
	number={3},
	pages={415--434},
	year={2012},
	publisher={Elsevier}
}

@article{diehl2015unsupervised,
  title={Unsupervised learning of digit recognition using spike-timing-dependent plasticity},
  author={Diehl, Peter U and Cook, Matthew and Tatsuno, Masami and Song, Sen},
  journal={Frontiers in Computational Neuroscience},
  year={2015}
}

@inproceedings{diehl2015fast,
  title={Fast-classifying, high-accuracy spiking deep networks through weight and threshold balancing},
  author={Diehl, Peter U and Neil, Daniel and Binas, Jonathan and Cook, Matthew and Liu, Shih-Chii and Pfeiffer, Michael},
  booktitle={Neural Networks (IJCNN), 2015 International Joint Conference on},
  pages={1--8},
  year={2015},
  organization={IEEE}
}




@article{felleman1991distributed,
	title={Distributed hierarchical processing in the primate cerebral cortex},
	author={Felleman, Daniel J and Van Essen, David C},
	journal={Cerebral cortex},
	volume={1},
	number={1},
	pages={1--47},
	year={1991},
	publisher={Oxford Univ Press}
}

@article{fu2012spiking,
  title={A spiking neural network based cortex-like mechanism and application to facial expression recognition},
  author={Fu, Si-Yao and Yang, Guo-Sheng and Kuai, Xin-Kai},
  journal={Computational intelligence and neuroscience},
  volume={2012},
  pages={19},
  year={2012},
  publisher={Hindawi Publishing Corp.}
}

@article{furber2014spinnaker,
  title="{The SpiNNaker Project}", 
  author={Furber, Steve B and Galluppi, Francesco and Temple, Sally and Plana, Luis and others},
  journal={Proceedings of the IEEE},
  volume={102},
  number={5},
  pages={652--665},
  year={2014},
  publisher={IEEE}
}

@article{furber2007neural,
	title={Neural systems engineering},
	author={Furber, Steve and Temple, Steve},
	journal={Journal of the Royal Society interface},
	volume={4},
	number={13},
	pages={193--206},
	year={2007},
	publisher={The Royal Society}
}

@article{gewaltig2007nest,
  title="{NEST (NEural Simulation Tool)}",
  author={Gewaltig, Marc-Oliver and Diesmann, Markus},
  journal={Scholarpedia},
  volume={2},
  number={4},
  pages={1430},
  year={2007}
}

@article{goodman2008brian,
	title="{Brian: a simulator for spiking neural networks in Python}",
	author={Goodman, Dan and Brette, Romain},
	journal={Frontiers in neuroinformatics},
	volume={2},
	year={2008},
	publisher={Frontiers Research Foundation}
}

@article{hinton2006fast,
  title="{A fast learning algorithm for Deep Belief Nets}",
  author={Hinton, Geoffrey E and Osindero, Simon and Teh, Yee-Whye},
  journal={Neural computation},
  volume={18},
  number={7},
  pages={1527--1554},
  year={2006},
  publisher={MIT Press}
}

@ONLINE{MIT_TechReview,
author = {Hof, Robert},
title = {10 Breakthrough Technologies 2013},
year = {2013},
url = {http://www.technologyreview.com/featuredstory/513696/deep-learning/}
}

@article{Hopkins2015Accuracy,
  title="{Accuracy and Efficiency in Fixed-Point Neural ODE Solvers}",
  author={Hopkins, Michael and Furber, Steve},
  journal={Neural computation},
  year={2015},
  volume={27},
  number={10},
  pages={2148--2182},
  publisher={MIT Press}
}

@article{indiveri2011neuromorphic,
  title={Neuromorphic silicon neuron circuits},
  author={Indiveri, Giacomo and Linares-Barranco, Bernab{\'e} and Hamilton, Tara Julia and Van Schaik, Andr{\'e} and Etienne-Cummings, Ralph and Delbruck, Tobi and Liu, Shih-Chii and Dudek, Piotr and H{\"a}fliger, Philipp and Renaud, Sylvie and others},
  journal={Frontiers in neuroscience},
  volume={5},
  year={2011},
  publisher={Frontiers Media SA}
}

@inproceedings{joubert2012hardware,
  title="{Hardware spiking neurons design: analog or digital?}",
  author={Joubert, Antoine and Belhadj, Bilel and Temam, Olivier and H{\'e}liot, Rodolphe},
  booktitle={Neural Networks (IJCNN), The 2012 International Joint Conference on},
  pages={1--5},
  year={2012},
  organization={IEEE}
}

@inproceedings{Jug_etal_2012,
  title="{Spiking networks and their rate-based equivalents: does it make sense to use {S}iegert neurons?}",
  author={Jug, F. and Lengler, J. and Krautz, C. and Steger, A.},
  booktitle={Swiss Soc. for Neuroscience},
  year = {2012}
}

@article{kolb2003retina,
  title={How the retina works},
  author={Kolb, Helga},
  journal={American scientist},
  volume={91},
  number={1},
  pages={28--35},
  year={2003}
}
@inproceedings{krizhevsky2012imagenet,
	title="{ImageNet classification with deep convolutional neural networks}",
	author={Krizhevsky, Alex and Sutskever, Ilya and Hinton, Geoffrey E},
	booktitle={Advances in neural information processing systems},
	pages={1097--1105},
	year={2012}
}

@article{lagorce2015breaking,
  title="{Breaking the millisecond barrier on SpiNNaker: implementing asynchronous event-based plastic models with microsecond resolution}",
  author={Lagorce, Xavier and Stromatias, Evangelos and Galluppi, Francesco and Plana, Luis A and Liu, Shih-Chii and Furber, Steve B and Benosman, Ryad Benjamin},
  journal={Frontiers in Neuroscience},
  volume={9},
  pages={206},
  year={2015},
  publisher={Frontiers}
}

@article{lecun1998gradient,
  title={Gradient-based learning applied to document recognition},
  author={LeCun, Yann and Bottou, L{\'e}on and Bengio, Yoshua and Haffner, Patrick},
  journal={Proceedings of the IEEE},
  volume={86},
  number={11},
  pages={2278--2324},
  year={1998},
  publisher={IEEE}
}

@inproceedings{lecun2004learning,
	title={Learning methods for generic object recognition with invariance to pose and lighting},
	author={LeCun, Yann and Huang, Fu Jie and Bottou, Leon},
	booktitle={Computer Vision and Pattern Recognition, 2004. CVPR 2004. Proceedings of the 2004 IEEE Computer Society Conference on},
	volume={2},
	pages={II--97},
	year={2004},
	@organization={IEEE}
}

@incollection{lin2014microsoft,
  title="{Microsoft COCO: Common Objects in COntext}",
  author={Lin, Tsung-Yi and Maire, Michael and Belongie, Serge and Hays, James and Perona, Pietro and Ramanan, Deva and Doll{\'a}r, Piotr and Zitnick, C Lawrence},
  booktitle={Computer Vision--ECCV 2014},
  pages={740--755},
  year={2014},
  publisher={Springer}
}

@article{linares2003compact,
  title="{Compact low-power calibration mini-DACs for neural arrays with programmable weights}",
  author={Linares-Barranco, Bernab{\'e} and Serrano-Gotarredona, Teresa and Serrano-Gotarredona, Rafael},
  journal={Neural Networks, IEEE Transactions on},
  volume={14},
  number={5},
  pages={1207--1216},
  year={2003},
  publisher={IEEE}
}

@inproceedings{liu2009recognizing,
  title={Recognizing realistic actions from videos ``in the wild''},
  author={Liu, Jingen and Luo, Jiebo and Shah, Mubarak},
  booktitle={Computer Vision and Pattern Recognition, 2009. CVPR. IEEE Conference on},
  pages={1996--2003},
  year={2009},
  @organization={IEEE}
}

@inproceedings{liu2014real,
	title     = {Real-time recognition of dynamic hand postures on a neuromorphic system},
	author    = {Qian Liu and  Steve Furber},
	booktitle = {Artificial Neural Networks, 2015. ICANN. International Conference on},
	year={2015},
	volume    = {1},
	number    = {5},
	pages     = {979},
	@organization = {World Academy of Science, Engineering and Technology}
}


@inproceedings{lyons1998coding,
	title={Coding facial expressions with gabor wavelets},
	author={Lyons, Michael and Akamatsu, Shota and Kamachi, Miyuki and Gyoba, Jiro},
	booktitle={Automatic Face and Gesture Recognition, 1998. Proceedings. Third IEEE International Conference on},
	pages={200--205},
	year={1998},
	@organization={IEEE}
}

@inproceedings{masmoudi2010novel,
  title={A novel bio-inspired static image compression scheme for noisy data transmission over low-bandwidth channels},
  author={Masmoudi, Khaled and Antonini, Marc and Kornprobst, Pierre and Perrinet, Laurent},
  booktitle={Acoustics Speech and Signal Processing (ICASSP), 2010 IEEE International Conference on},
  pages={3506--3509},
  year={2010},
  @organization={IEEE}
}

@inproceedings{matsugu2002convolutional,
	title={Convolutional spiking neural network model for robust face detection},
	author={Matsugu, Masakazu and Mori, Katsuhiko and Ishii, Mie and Mitarai, Yusuke},
	booktitle={Neural Information Processing, 2002. ICONIP'02. Proceedings of the 9th International Conference on},
	volume={2},
	pages={660--664},
	year={2002},
	@organization={IEEE}
}

@article{merolla2014million,
  title={A million spiking-neuron integrated circuit with a scalable communication network and interface},
  author={Merolla, Paul A and Arthur, John V and Alvarez-Icaza, Rodrigo and Cassidy, Andrew S and Sawada, Jun and Akopyan, Filipp and Jackson, Bryan L and Imam, Nabil and Guo, Chen and Nakamura, Yutaka and others},
  journal={Science},
  volume={345},
  number={6197},
  pages={668--673},
  year={2014},
  publisher={American Association for the Advancement of Science}
}

@article{neftci2013event,
	title={Event-driven contrastive divergence for spiking neuromorphic systems},
	author={Neftci, Emre and Das, Srinjoy and Pedroni, Bruno and Kreutz-Delgado, Kenneth and Cauwenberghs, Gert},
	journal={Frontiers in neuroscience},
	volume={7},
	year={2013},
	publisher={Frontiers Media SA}
}

@article{neil2014minitaur,
  title="{Minitaur, an event-driven FPGA-based spiking network accelerator}",
  author={Neil, Dan and Liu, Shih-Chii},
  journal={Very Large Scale Integration (VLSI) Systems, IEEE Transactions on},
  volume={22},
  number={12},
  pages={2621--2628},
  year={2014},
  publisher={IEEE}
}

@article{nessler2013bayesian,
	title={Bayesian computation emerges in generic cortical microcircuits through spike-timing-dependent plasticity},
	author={Nessler, Bernhard and Pfeiffer, Michael and Buesing, Lars and Maass, Wolfgang},
	year={2013},
	journal = {PLoS Comput Biol},
    publisher = {Public Library of Science}
}

@article{o2013real,
	title={Real-time classification and sensor fusion with a spiking deep belief network},
	author={O'Connor, Peter and Neil, Daniel and Liu, Shih-Chii and Delbruck, Tobi and Pfeiffer, Michael},
	journal={Frontiers in neuroscience},
	volume={7},
	year={2013},
	publisher={Frontiers Media SA}
}

@article{pedram2006thermal,
  title="{Thermal modeling, analysis, and management in VLSI circuits: principles and methods}",
  author={Pedram, Massoud and Nazarian, Shahin},
  journal={Proceedings of the IEEE},
  volume={94},
  number={8},
  pages={1487--1501},
  year={2006},
  publisher={IEEE}
}

@article{riesenhuber1999hierarchical,
	title={Hierarchical models of object recognition in cortex},
	author={Riesenhuber, Maximilian and Poggio, Tomaso},
	journal={Nature neuroscience},
	volume={2},
	number={11},
	pages={1019--1025},
	year={1999},
	publisher={Nature Publishing Group}
}

@inproceedings{schemmel2010wafer,
	title={A wafer-scale neuromorphic hardware system for large-scale neural modeling},
	author={Schemmel, Johannes and Bruderle, D and Grubl, A and Hock, Matthias and Meier, Karlheinz and Millner, Sebastian},
	booktitle={Circuits and Systems (ISCAS), Proceedings of 2010 IEEE International Symposium on},
	pages={1947--1950},
	year={2010},
	@organization={IEEE}
}

@inproceedings{schuldt2004recognizing,
	title="{Recognizing human actions: a local SVM approach}",
	author={Sch{\"u}ldt, Christian and Laptev, Ivan and Caputo, Barbara},
	booktitle={Pattern Recognition, 2004. ICPR 2004. Proceedings of the 17th International Conference on},
	volume={3},
	pages={32--36},
	year={2004},
	organization={IEEE}
}


@inproceedings{sen2009evaluating,
  title={Evaluating rank-order code performance using a biologically-derived retinal model},
  author={Sen, Basabdatta and Furber, Steve},
  booktitle={Neural Networks, 2009. IJCNN. International Joint Conference on},
  pages={2867--2874},
  year={2009},
  organization={IEEE}
}

@article{serrano2013128,
  title="{A 128$\times$128 1.5\% contrast sensitivity 0.9\% {FPN} 3{$\mu$s} latency 4~mW asynchronous frame-free dynamic vision sensor using transimpedance preamplifiers}",
  author={Serrano-Gotarredona, Teresa and Linares-Barranco, Bernab{\'e}},
  journal={Solid-State Circuits, IEEE Journal of},
  volume={48},
  number={3},
  pages={827--838},
  year={2013},
  publisher={IEEE}
}

@article{serre2007robust,
	title={Robust object recognition with cortex-like mechanisms},
	author={Serre, Thomas and Wolf, Lior and Bileschi, Stanley and Riesenhuber, Maximilian and Poggio, Tomaso},
	journal={Pattern Analysis and Machine Intelligence, IEEE Transactions on},
	volume={29},
	number={3},
	pages={411--426},
	year={2007},
	publisher={IEEE}
}

@inproceedings{schemmel2008wafer,
  title={Wafer-scale integration of analog neural networks},
  author={Schemmel, Johannes and Fieres, Johannes and Meier, Karlheinz},
  booktitle={Neural Networks, 2008. IJCNN 2008.(IEEE World Congress on Computational Intelligence). IEEE International Joint Conference on},
  pages={431--438},
  year={2008},
  organization={IEEE}
}

@article{sharp2012power,
  title="{Power-efficient simulation of detailed cortical microcircuits on SpiNNaker}",
  author={Sharp, Thomas and Galluppi, Francesco and Rast, Alexander and Furber, Steve},
  journal={Journal of neuroscience methods},
  volume={210},
  number={1},
  pages={110--118},
  year={2012},
  publisher={Elsevier}
}

@book{squire1998findings,
  title={Findings and current opinion in cognitive neuroscience},
  author={Squire, Larry R and Kosslyn, Stephen Michael},
  year={1998},
  publisher={MIT Press}
}

@inproceedings{stromatias2013power,
  title="{Power analysis of large-scale, real-time neural networks on SpiNNaker}",
  author={Stromatias, Evangelos and Galluppi, Francesco and Patterson, Cameron and Furber, Steve},
  booktitle={Neural Networks (IJCNN), The 2013 International Joint Conference on},
  pages={1--8},
  year={2013},
  @organization={IEEE}
}

@inproceedings{Stromatias2015scalable,
  title="{Scalable energy-efficient, low-latency implementations of trained spiking deep belief networks on SpiNNaker}",
  author={Stromatias, Evangelos and Neil, Daniel and Galluppi, Francesco and Pfeiffer, Michael and Liu, Shih-Chii and Furber, Steve},
  booktitle={Neural Networks (IJCNN), 2015 International Joint Conference on},
  pages={1--8},
  year={2015},
  organization={IEEE}
}

@article{stromatias2015robustness,
  title="{Robustness of spiking deep belief networks to noise and reduced bit precision of neuro-inspired hardware platforms}",
  author={Stromatias, Evangelos and Neil, Daniel and Pfeiffer, Michael and Galluppi, Francesco and Furber, Steve B and Liu, Shih-Chii},
  journal={Frontiers in neuroscience},
  volume={9},
  year={2015},
  publisher={Frontiers Media SA}
}

@article{van2001rate,
  title={Rate coding versus temporal order coding: what the retinal ganglion cells tell the visual cortex},
  author={Van Rullen, Rufin and Thorpe, Simon J},
  journal={Neural computation},
  volume={13},
  number={6},
  pages={1255--1283},
  year={2001},
  publisher={MIT Press}
}

@article{vanrullen2002surfing,
  title={Surfing a spike wave down the ventral stream},
  author={Van Rullen, Rufin and Thorpe, Simon J},
  journal={Vision research},
  volume={42},
  number={23},
  pages={2593--2615},
  year={2002},
  publisher={Elsevier}
}

@book{yarbus1967eye,
  title={Eye movements during perception of complex objects},
  author={Yarbus, Alfred L},
  year={1967},
  publisher={Springer}
}

@inproceedings{yu201265k,
  title="{65k-neuron Integrate-and-Fire array transceiver with address-event reconfigurable synaptic routing}",
  author={Yu, Tao and Park, Jongkil and Joshi, Siddharth and Maier, Christian and Cauwenberghs, Gert},
  booktitle={Biomedical Circuits and Systems Conference (BioCAS), 2012 IEEE},
  pages={21--24},
  year={2012},
  @organization={IEEE}
}

@article{zhao2014feedforward,
  title="{Feedforward categorization on AER motion events using cortex-like features in a spiking neural network}",
  author={Zhao, Bin and Ding, Ran and Chen, Shoushun and Linares-Barranco, Bernabe and Tang, Hongying},
  journal={Neural Networks and Learning Systems, IEEE Transactions on},
  year={2015},
  month={Sept},
  volume={26},
  number={9},
  pages={1963-1978}, 
}

@article{eliasmith2012large,
	title={A large-scale model of the functioning brain},
	author={Eliasmith, Chris and Stewart, Terrence C and Choo, Xuan and Bekolay, Trevor and DeWolf, Travis and Tang, Yichuan and Rasmussen, Daniel},
	journal={science},
	volume={338},
	number={6111},
	pages={1202--1205},
	year={2012},
	publisher={American Association for the Advancement of Science}
}

@article{yang2015dynamic,
author={Yang, M. and Liu, S.-C. and Delbruck, T.},
journal={Solid-State Circuits, IEEE Journal of},
title={A Dynamic Vision Sensor With 1\% Temporal Contrast Sensitivity and In-Pixel Asynchronous Delta Modulator for Event Encoding},
year={2015},
volume={50},
number={9},
pages={2149-2160},
keywords={Bandwidth;Encoding;Gain;Noise;Sensitivity;Switches;Voltage control;Address event representation (AER);asynchronous delta modulator (ADM);capacitively coupled programmable gain amplifier (CC-PGA);communication delay;dynamic vision sensor (DVS);event encoding;noise;optical neuroimaging;photoreceptor;refractory period;self-timed reset (STR);temporal contrast sensitivity},
@doi={10.1109/JSSC.2015.2425886},
ISSN={0018-9200},
month={Sept},}

@article{posch2014retinomorphic,
  title={Retinomorphic event-based vision sensors: bioinspired cameras with spiking output},
  author={Posch, Christoph and Serrano-Gotarredona, Teresa and Linares-Barranco, Bernab{\'e} and Delbruck, Tobi},
  journal={Proceedings of the IEEE},
  volume={102},
  number={10},
  pages={1470--1484},
  year={2014},
  publisher={IEEE}
}

@phdthesis{mahowald1992vlsi,
  title={"VLSI analogs of neuronal visual processing: a synthesis of form and function"},
  author={Mahowald, Misha},
  year={1992},
  school={California Institute of Technology}
}

@inproceedings{park201465k,
  title={"A 65k-neuron 73-Mevents/s 22-pJ/event asynchronous micro-pipelined integrate-and-fire array transceiver"},
  author={Park, Jongkil and Ha, Sohmyung and Yu, Theodore and Neftci, Emre and Cauwenberghs, Gert},
  booktitle={Biomedical Circuits and Systems Conference (BioCAS), 2014 IEEE},
  pages={675--678},
  year={2014},
  organization={IEEE}
}

@article{deger2012statistical,
  title={Statistical properties of superimposed stationary spike trains},
  author={Deger, Moritz and Helias, Moritz and Boucsein, Clemens and Rotter, Stefan},
  journal={Journal of computational neuroscience},
  volume={32},
  number={3},
  pages={443--463},
  year={2012},
  publisher={Springer}
}
@ARTICLE{Diamond2016comparing,
	AUTHOR={Diamond, Alan  and  Nowotny, Thomas  and  Schmuker, Michael},   
	TITLE={Comparing neuromorphic solutions in action: implementing a bio-inspired solution to a benchmark classification task on three parallel-computing platforms},      
	JOURNAL={Frontiers in Neuroscience},      
	VOLUME={9},      
	YEAR={2016},      
	NUMBER={491},
	DOI={10.3389/fnins.2015.00491},
	ISSN={1662-453X},
	URL={http://www.frontiersin.org/neuromorphic_engineering/10.3389/fnins.2015.00491/abstract}
}   

	
@ARTICLE{Qiao2015re,
	AUTHOR={Qiao, Ning  and  Mostafa, Hesham  and  Corradi, Federico  and  Osswald, Marc  and  Stefanini, Fabio  and  Sumislawska, Dora  and  Indiveri, Giacomo},   
	TITLE={A Re-configurable On-line Learning Spiking Neuromorphic Processor comprising 256 neurons and 128K synapses},      
	JOURNAL={Frontiers in Neuroscience},      
	VOLUME={9},      
	YEAR={2015},      
	NUMBER={141},     
	URL={http://www.frontiersin.org/neuromorphic_engineering/10.3389/fnins.2015.00141/abstract},       
	DOI={10.3389/fnins.2015.00141},      
	ISSN={1662-453X}}
    
@article{thakur2016low,
  title={A Low Power Trainable Neuromorphic Integrated Circuit That Is Tolerant to Device Mismatch},
  author={Thakur, Chetan Singh and Wang, Runchun and Hamilton, Tara Julia and Tapson, Jonathan and van Schaik, Andre},
  year={2016},
  publisher={IEEE}
}
	
@article{schmuker2014neuromorphic,
  title={A neuromorphic network for generic multivariate data classification},
  author={Schmuker, Michael and Pfeil, Thomas and Nawrot, Martin Paul},
  journal={Proceedings of the National Academy of Sciences},
  volume={111},
  number={6},
  pages={2081--2086},
  year={2014},
  publisher={National Acad Sciences}
}

@ARTICLE{tan2015bench,
	AUTHOR={Tan, Cheston  and  Lallee, Stephane  and  Orchard, Garrick},   
	TITLE={Benchmarking Neuromorphic Vision: Lessons Learnt from Computer Vision},      
	JOURNAL={Frontiers in Neuroscience},      
	VOLUME={9},      
	YEAR={2015},      
	NUMBER={374},     
	URL={http://www.frontiersin.org/neuromorphic_engineering/10.3389/fnDOI={10.3389/fnins.2015.00374}},      
	ISSN={1662-453X}      
}

@ARTICLE{orchard2015convert,
	AUTHOR={Orchard, Garrick  and  Jayawant, Ajinkya  and  Cohen, Gregory Kevin  and  Thakor, Nitish},   
	TITLE={Converting Static Image Datasets to Spiking Neuromorphic Datasets Using Saccades},      
	JOURNAL={Frontiers in Neuroscience},      
	VOLUME={9},      
	YEAR={2015},      
	NUMBER={437},     
	URL={http://www.frontiersin.org/neuromorphic_engineering/10.3389/fnins.2015.00437/abstract},       
	DOI={10.3389/fnins.2015.00437},      
	ISSN={1662-453X}    
}